@ARTICLE{1998,
    author = {Chengzheng Sun,Clarence (skip) Ellis.},
    title = {Operational Transformation in Real-Time Group Editor:Issues,Algorithms and Achievemnts.},
    booktitle = {},
    year = {},
    pages = {}
}

@ARTICLE{2003,
    author = {Claudia-Lavinia Ignat,Moria C.Norrie.},
    title = {Customizable Collaborative Editor Relying on treeOPT Algorithm.},
    booktitle = {},
    year = {},
    pages = {}
}

@article{2006,
    author = {Stijn Dekeyser,Richard Watson.},
    title = {Extending Google Docs to collaborate on Research Papers},
    url = {},
    year = {},
    pages = {}
}


